<record><leader>00000cas a2200000 a 4500</leader><controlfield tag="001">34674100</controlfield><controlfield tag="008">960503d19071911miudr ne      0    0eng c</controlfield><datafield ind1=" " ind2=" " tag="010"><subfield code="a">sn 96076583 </subfield></datafield><datafield ind1=" " ind2=" " tag="040"><subfield code="a">MHN</subfield><subfield code="b">eng</subfield><subfield code="c">MHN</subfield><subfield code="d">OCL</subfield><subfield code="d">OCLCQ</subfield><subfield code="d">OCLCF</subfield><subfield code="d">OCLCO</subfield></datafield><datafield ind1="1" ind2=" " tag="029"><subfield code="a">AU@</subfield><subfield code="b">000012367105</subfield></datafield><datafield ind1=" " ind2=" " tag="042"><subfield code="a">pcc</subfield></datafield><datafield ind1=" " ind2=" " tag="043"><subfield code="a">n-us-mi</subfield></datafield><datafield ind1="0" ind2=" " tag="130"><subfield code="a">Battle Creek journal (Battle Creek, Mich. : 1907)</subfield></datafield><datafield ind1="1" ind2="0" tag="245"><subfield code="a">Battle Creek journal.</subfield></datafield><datafield ind1=" " ind2=" " tag="260"><subfield code="a">Battle Creek, Mich. :</subfield><subfield code="b">Battle Creek Journal Co.</subfield></datafield><datafield ind1=" " ind2=" " tag="300"><subfield code="a">v.</subfield></datafield><datafield ind1=" " ind2=" " tag="310"><subfield code="a">Daily (except Sun.)</subfield></datafield><datafield ind1="0" ind2=" " tag="362"><subfield code="a">Sept. 18, 1907-61st yr. (Sept. 20, 1911).</subfield></datafield><datafield ind1=" " ind2=" " tag="515"><subfield code="a">Also called: 58th yr. (Aug. 25, 1908-Sept. 20, 1911).</subfield></datafield><datafield ind1=" " ind2=" " tag="515"><subfield code="a">Also called: Evening ed. (Feb. 17, 1908-June 26, 1908).</subfield></datafield><datafield ind1=" " ind2=" " tag="580"><subfield code="a">Sunday ed.: Sunday journal=record, and later: Battle Creek Sunday journal and Sunday record.</subfield></datafield><datafield ind1=" " ind2=" " tag="580"><subfield code="a">Morning ed: Battle Creek journal (Detroit, Mich. : Morning ed.) Feb. 18, 1908-&lt;May 22, 1908&gt;.</subfield></datafield><datafield ind1=" " ind2="0" tag="651"><subfield code="a">Battle Creek (Mich.)</subfield><subfield code="v">Newspapers.</subfield></datafield><datafield ind1=" " ind2="0" tag="651"><subfield code="a">Calhoun County (Mich.)</subfield><subfield code="v">Newspapers.</subfield></datafield><datafield ind1=" " ind2="7" tag="655"><subfield code="a">Newspapers.</subfield><subfield code="2">fast</subfield><subfield code="0">(OCoLC)fst01423814</subfield></datafield><datafield ind1=" " ind2="7" tag="651"><subfield code="a">Michigan</subfield><subfield code="z">Battle Creek.</subfield><subfield code="2">fast</subfield><subfield code="0">(OCoLC)fst01218610</subfield></datafield><datafield ind1=" " ind2="7" tag="651"><subfield code="a">Michigan</subfield><subfield code="z">Calhoun County.</subfield><subfield code="2">fast</subfield><subfield code="0">(OCoLC)fst01214761</subfield></datafield><datafield ind1=" " ind2=" " tag="752"><subfield code="a">United States</subfield><subfield code="b">Michigan</subfield><subfield code="c">Calhoun</subfield><subfield code="d">Battle Creek.</subfield></datafield><datafield ind1="1" ind2=" " tag="775"><subfield code="t">Sunday journal=record</subfield><subfield code="w">(DLC)sn 96076581</subfield><subfield code="w">(OCoLC)34650303</subfield></datafield><datafield ind1="1" ind2=" " tag="775"><subfield code="t">Battle Creek Sunday journal and Sunday record</subfield><subfield code="w">(DLC)sn 96076582</subfield><subfield code="w">(OCoLC)34650686</subfield></datafield><datafield ind1="1" ind2=" " tag="775"><subfield code="t">Battle Creek journal (Battle Creek, Mich. : Morning ed.)</subfield><subfield code="w">(DLC)sn 96076589</subfield><subfield code="w">(OCoLC)34674145</subfield></datafield><datafield ind1="0" ind2="0" tag="780"><subfield code="t">Battle Creek daily journal (Battle Creek, Mich. : 1872)</subfield><subfield code="w">(DLC)sn 85026656</subfield><subfield code="w">(OCoLC)12326881</subfield></datafield><datafield ind1="0" ind2="0" tag="785"><subfield code="t">Battle Creek daily journal (Battle Creek, Mich. : 1911)</subfield><subfield code="w">(DLC)sn 96076585</subfield><subfield code="w">(OCoLC)34674210</subfield></datafield></record>